
@ARTICLE{FaucherGiguere2012,
   author = {{Faucher-Gigu{\`e}re}, C.-A. and {Quataert}, E.},
    title = "{The physics of galactic winds driven by active galactic nuclei}",
  journal = {\mnras},
archivePrefix = "arXiv",
   eprint = {1204.2547},
 primaryClass = "astro-ph.CO",
 keywords = {shock waves, galaxies: active, galaxies: evolution, quasars: general },
     year = 2012,
    month = sep,
   volume = 425,
    pages = {605-622},
      doi = {10.1111/j.1365-2966.2012.21512.x},
   adsurl = {http://adsabs.harvard.edu/abs/2012MNRAS.425..605F},
  adsnote = {Provided by the SAO/NASA Astrophysics Data System}
}
@ARTICLE{DiMatteo2005,
   author = {{Di Matteo}, T. and {Springel}, V. and {Hernquist}, L.},
    title = "{Energy input from quasars regulates the growth and activity of black holes and their host galaxies}",
  journal = {\nat},
   eprint = {arXiv:astro-ph/0502199},
     year = 2005,
    month = feb,
   volume = 433,
    pages = {604-607},
      doi = {10.1038/nature03335},
   adsurl = {http://adsabs.harvard.edu/abs/2005Natur.433..604D},
  adsnote = {Provided by the SAO/NASA Astrophysics Data System}
}

@ARTICLE{Debuhr2012,
   author = {{Debuhr}, J. and {Quataert}, E. and {Ma}, C.-P.},
    title = "{Galaxy-scale outflows driven by active galactic nuclei}",
  journal = {\mnras},
archivePrefix = "arXiv",
   eprint = {1107.5579},
 primaryClass = "astro-ph.CO",
 keywords = {galaxies: active, galaxies: evolution},
     year = 2012,
    month = mar,
   volume = 420,
    pages = {2221-2231},
      doi = {10.1111/j.1365-2966.2011.20187.x},
   adsurl = {http://adsabs.harvard.edu/abs/2012MNRAS.420.2221D},
  adsnote = {Provided by the SAO/NASA Astrophysics Data System}
}


@ARTICLE{Krongold2007a,
   author = {{Krongold}, Y. and {Nicastro}, F. and {Elvis}, M. and {Brickhouse}, N. and 
	{Binette}, L. and {Mathur}, S. and {Jim{\'e}nez-Bail{\'o}n}, E.
	},
    title = "{The Compact, Conical, Accretion-Disk Warm Absorber of the Seyfert 1 Galaxy NGC 4051 and Its Implications for IGM-Galaxy Feedback Processes}",
  journal = {\apj},
   eprint = {arXiv:astro-ph/0702399},
 keywords = {Galaxies: Active, Galaxies: Individual: NGC Number: NGC 4051, Galaxies: Seyfert},
     year = 2007,
    month = apr,
   volume = 659,
    pages = {1022-1039},
      doi = {10.1086/512476},
   adsurl = {http://adsabs.harvard.edu/abs/2007ApJ...659.1022K},
  adsnote = {Provided by the SAO/NASA Astrophysics Data System}
}

@ARTICLE{Bautista2010,
   author = {{Bautista}, M.~A. and {Dunn}, J.~P. and {Arav}, N. and {Korista}, K.~T. and 
	{Moe}, M. and {Benn}, C.},
    title = "{Distance to Multiple Kinematic Components of Quasar Outflows: Very Large Telescope Observations of QSO 2359-1241 and SDSS J0318-0600}",
  journal = {\apj},
archivePrefix = "arXiv",
   eprint = {1003.0970},
 primaryClass = "astro-ph.CO",
 keywords = {galaxies: active, quasars: absorption lines, ultraviolet: galaxies},
     year = 2010,
    month = apr,
   volume = 713,
    pages = {25-31},
      doi = {10.1088/0004-637X/713/1/25},
   adsurl = {http://adsabs.harvard.edu/abs/2010ApJ...713...25B},
  adsnote = {Provided by the SAO/NASA Astrophysics Data System}
}

@ARTICLE{Korista2008,
   author = {{Korista}, K.~T. and {Bautista}, M.~A. and {Arav}, N. and {Moe}, M. and 
	{Costantini}, E. and {Benn}, C.},
    title = "{Physical Conditions in Quasar Outflows: Very Large Telescope Observations of QSO 2359-1241}",
  journal = {\apj},
archivePrefix = "arXiv",
   eprint = {0807.0230},
 keywords = {Galaxies: Quasars: Absorption Lines, quasars: individual (QSO 2359-1241)},
     year = 2008,
    month = nov,
   volume = 688,
    pages = {108-115},
      doi = {10.1086/592140},
   adsurl = {http://adsabs.harvard.edu/abs/2008ApJ...688..108K},
  adsnote = {Provided by the SAO/NASA Astrophysics Data System}
}

@ARTICLE{Dunn2010,
   author = {{Dunn}, J.~P. and {Bautista}, M. and {Arav}, N. and {Moe}, M. and 
	{Korista}, K. and {Costantini}, E. and {Benn}, C. and {Ellison}, S. and 
	{Edmonds}, D.},
    title = "{The Quasar Outflow Contribution to AGN Feedback: VLT Measurements of SDSS J0318-0600}",
  journal = {\apj},
archivePrefix = "arXiv",
   eprint = {0911.3896},
 primaryClass = "astro-ph.CO",
 keywords = {quasars: absorption lines, quasars: individual: SDSS J0318-0600},
     year = 2010,
    month = feb,
   volume = 709,
    pages = {611-631},
      doi = {10.1088/0004-637X/709/2/611},
   adsurl = {http://adsabs.harvard.edu/abs/2010ApJ...709..611D},
  adsnote = {Provided by the SAO/NASA Astrophysics Data System}
}
@ARTICLE{Moe2009,
   author = {{Moe}, M. and {Arav}, N. and {Bautista}, M.~A. and {Korista}, K.~T.
	},
    title = "{Quasar Outflow Contribution to AGN Feedback: Observations of QSO SDSS J0838+2955}",
  journal = {\apj},
archivePrefix = "arXiv",
   eprint = {0911.3332},
 primaryClass = "astro-ph.CO",
 keywords = {galaxies: evolution, quasars: absorption lines, quasars: individual: SDSS J0838 + 2955},
     year = 2009,
    month = nov,
   volume = 706,
    pages = {525-534},
      doi = {10.1088/0004-637X/706/1/525},
   adsurl = {http://adsabs.harvard.edu/abs/2009ApJ...706..525M},
  adsnote = {Provided by the SAO/NASA Astrophysics Data System}
}

@ARTICLE{Murray1995,
   author = {{Murray}, N. and {Chiang}, J. and {Grossman}, S.~A. and {Voit}, G.~M.
	},
    title = "{Accretion Disk Winds from Active Galactic Nuclei}",
  journal = {\apj},
 keywords = {ACCRETION, ACCRETION DISKS, GALAXIES: NUCLEI, GALAXIES: QUASARS: ABSORPTION LINES},
     year = 1995,
    month = oct,
   volume = 451,
    pages = {498},
      doi = {10.1086/176238},
   adsurl = {http://adsabs.harvard.edu/abs/1995ApJ...451..498M},
  adsnote = {Provided by the SAO/NASA Astrophysics Data System}
}

@ARTICLE{Netzer2003,
   author = {{Netzer}, H. and {Kaspi}, S. and {Behar}, E. and {Brandt}, W.~N. and 
	{Chelouche}, D. and {George}, I.~M. and {Crenshaw}, D.~M. and 
	{Gabel}, J.~R. and {Hamann}, F.~W. and {Kraemer}, S.~B. and 
	{Kriss}, G.~A. and {Nandra}, K. and {Peterson}, B.~M. and {Shields}, J.~C. and 
	{Turner}, T.~J.},
    title = "{The Ionized Gas and Nuclear Environment in NGC 3783. IV. Variability and Modeling of the 900 Kilosecond Chandra Spectrum}",
  journal = {\apj},
   eprint = {arXiv:astro-ph/0309096},
 keywords = {Galaxies: Active, Galaxies: Individual: NGC Number: NGC 3783, Galaxies: Nuclei, Galaxies: Seyfert, Techniques: Spectroscopic, X-Rays: Galaxies},
     year = 2003,
    month = dec,
   volume = 599,
    pages = {933-948},
      doi = {10.1086/379508},
   adsurl = {http://adsabs.harvard.edu/abs/2003ApJ...599..933N},
  adsnote = {Provided by the SAO/NASA Astrophysics Data System}
}


@ARTICLE{Faucher-Giguere2012,
   author = {{Faucher-Gigu{\`e}re}, C.-A. and {Quataert}, E. and {Murray}, N.
	},
    title = "{A physical model of FeLoBALs: implications for quasar feedback}",
  journal = {\mnras},
archivePrefix = "arXiv",
   eprint = {1108.0413},
 primaryClass = "astro-ph.CO",
 keywords = {galaxies: active, galaxies: evolution, quasars: absorption lines, quasars: general, cosmology: theory},
     year = 2012,
    month = feb,
   volume = 420,
    pages = {1347-1354},
      doi = {10.1111/j.1365-2966.2011.20120.x},
   adsurl = {http://adsabs.harvard.edu/abs/2012MNRAS.420.1347F},
  adsnote = {Provided by the SAO/NASA Astrophysics Data System}
}

